@article{luanmembangun,
  title={MEMBANGUN FIREWALL PADA SISTEM OPERASI FREEBSD 5.4 DENGAN MENGGUNAKAN APLIKASI IPFIREWALL (IPFW)},
  author={LUAN, SAMUEL BEREK}
}  
@article{nugroho2015analisis,
  title={ANALISIS PERBEDAAN PERFORMANSI SISTEM OPERASI SERVER FREEBSD 8.2 DAN FEDORA 15 PADA DATABASE MYSQL 5.5},
  author={Nugroho, Ari and Widada, Bebas and Laksito, Wawan},
  journal={Jurnal Teknologi Informasi dan Komunikasi (TIKomSiN)},
  volume={3},
  number={1},
  year={2015}
}
@article{linuxwindows,
  title={Windows},
  author={Linux, VTeX},
  journal={OS2 www. micropress-inc. com}
}