@book{komputer2006sgs,
  title={Sgs: Pengenalan Hardware},
  author={Komputer, Wahana},
  year={2006},
  publisher={Elex Media Komputindo}
}
@book{tanenbaum2009modern,
  title={Modern operating system},
  author={Tanenbaum, Andrew S},
  year={2009},
  publisher={Pearson Education, Inc}
}
@article{luanmembangun,
  title={MEMBANGUN FIREWALL PADA SISTEM OPERASI FREEBSD 5.4 DENGAN MENGGUNAKAN APLIKASI IPFIREWALL (IPFW)},
  author={LUAN, SAMUEL BEREK}
}