@book{syafrizal2005pengantar,
  title={Pengantar jaringan komputer},
  author={Syafrizal, Melwin},
  year={2005},
  publisher={Penerbit Andi}
}
