@book{syafrizal2005pengantar,
  title={Pengantar jaringan komputer},
  author={Syafrizal, Melwin},
  year={2005},
  publisher={Penerbit Andi}
}
@article{duncan1990survey,
  title={A survey of parallel computer architectures},
  author={Duncan, Ralph},
  journal={Computer},
  volume={23},
  number={2},
  pages={5--16},
  year={1990},
  publisher={IEEE}
}
@article{katevenis1983reduced,
  title={Reduced instruction set computer architectures for VLSI},
  author={Katevenis, Emmanuel},
  year={1983},
  publisher={University of California at Berkeley}
}
@book{harrison1992performance,
  title={Performance modelling of communication networks and computer architectures (International Computer S},
  author={Harrison, Peter G and Patel, Naresh M},
  year={1992},
  publisher={Addison-Wesley Longman Publishing Co., Inc.}
}
@article{kleinosowski2002minnespec,
  title={MinneSPEC: A new SPEC benchmark workload for simulation-based computer architecture research},
  author={KleinOsowski, AJ and Lilja, David J},
  journal={IEEE Computer Architecture Letters},
  volume={1},
  number={1},
  pages={7--7},
  year={2002},
  publisher={IEEE}
}
@inproceedings{kung1986memory,
  title={Memory requirements for balanced computer architectures},
  author={Kung, HT},
  booktitle={ACM SIGARCH Computer Architecture News},
  volume={14},
  number={2},
  pages={49--54},
  year={1986},
  organization={IEEE Computer Society Press}
}
@article{reeves1984parallel,
  title={Parallel computer architectures for image processing},
  author={Reeves, Anthony P},
  journal={Computer Vision, Graphics, and Image Processing},
  volume={25},
  number={1},
  pages={68--88},
  year={1984},
  publisher={Elsevier}
}
@inproceedings{padmanabhan2001block,
  title={Block oriented processing of relational database operations in modern computer architectures},
  author={Padmanabhan, Sriram and Malkemus, Timothy and Jhingran, Anant and Agarwal, Ramesh},
  booktitle={Data Engineering, 2001. Proceedings. 17th International Conference on},
  pages={567--574},
  year={2001},
  organization={IEEE}
}
@misc{scantlin1996risc,
  title={RISC architecture computer configured for emulation of the instruction set of a target computer},
  author={Scantlin, Henry L},
  year={1996},
  month=nov # "~12",
  publisher={Google Patents},
  note={US Patent 5,574,927}
}
@misc{robinson1998database,
  title={Database computer architecture for managing an incentive award program and checking float of funds at time of purchase},
  author={Robinson, W Brent and Mendez, Erin M and Hale, Brenda K and Johnson, Laurie A and Weber, Faris D},
  year={1998},
  month=mar # "~31",
  publisher={Google Patents},
  note={US Patent 5,734,838}
}
@article{stone1987high,
  title={High-performance computer architecture},
  author={Stone, Harold S},
  year={1987},
  publisher={Addison-Wesley Pub. Co. Inc., Reading, MA}
}
@article{austin2002simplescalar,
  title={SimpleScalar: An infrastructure for computer system modeling},
  author={Austin, Todd and Larson, Eric and Ernst, Dan},
  journal={Computer},
  volume={35},
  number={2},
  pages={59--67},
  year={2002},
  publisher={IEEE}
}
@inproceedings{bader2005bioperf,
  title={BioPerf: A benchmark suite to evaluate high-performance computer architecture on bioinformatics applications},
  author={Bader, David A and Li, Yue and Li, Tao and Sachdeva, Vipin},
  booktitle={Workload Characterization Symposium, 2005. Proceedings of the IEEE International},
  pages={163--173},
  year={2005},
  organization={IEEE}
}
@article{hwang1987computer,
  title={Computer architectures for artificial intelligence processing},
  author={Hwang, Kai and Ghosh, Joydeep and Chowkwanyun, Raymond},
  journal={Computer;(United States)},
  volume={20},
  number={1},
  year={1987},
  publisher={Univ. of Southern California}
}

@article{gao1998introduction, 
  title={An introduction to the V. 90 (56k) modem}, 
  author={Gao, Frank}, 
  journal={Tech-online Review}, 
  volume={2}, 
  number={6}, 
  year={1998} 
}