@misc{nilsson1992preterminated,
  title={Preterminated fiber optic cable},
  author={Nilsson, Richard C and Nelson, John C},
  year={1992},
  month=jun # "~9",
  publisher={Google Patents},
  note={US Patent 5,121,458}
}