@book{engler1995exokernel,
  title={Exokernel: An operating system architecture for application-level resource management},
  author={Engler, Dawson R and Kaashoek, M Frans and others},
  volume={29},
  number={5},
  year={1995},
  publisher={ACM}
}
@article{liedtke1996toward,
  title={Toward real microkernels},
  author={Liedtke, Jochen},
  journal={Communications of the ACM},
  volume={39},
  number={9},
  pages={70--77},
  year={1996},
  publisher={ACM}
}
@inproceedings{che2006hybrid,
  title={A hybrid convolution tree kernel for semantic role labeling},
  author={Che, Wanxiang and Zhang, Min and Liu, Ting and Li, Sheng},
  booktitle={Proceedings of the COLING/ACL on Main conference poster sessions},
  pages={73--80},
  year={2006},
  organization={Association for Computational Linguistics}
}
@inproceedings{kashiwagi1996design,
  title={Design and implementation of dynamically reconstructing system software},
  author={Kashiwagi, Kazuhiko and Saisho, Keizo and Fukuda, Akira},
  booktitle={Software Engineering Conference, 1996. Proceedings., 1996 Asia-Pacific},
  pages={278--287},
  year={1996},
  organization={IEEE}
}
@inproceedings{schmidt2010teaching,
  title={Teaching operating systems: windows kernel projects},
  author={Schmidt, Alexander and Polze, Andreas and Probert, Dave},
  booktitle={Proceedings of the 41st ACM technical symposium on Computer science education},
  pages={490--494},
  year={2010},
  organization={ACM}
}
@inproceedings{wang2009usage,
  title={Usage control based on windows kernel hook},
  author={Wang, Yulin and Shen, Yang and Pan, Jian},
  booktitle={Information and Multimedia Technology, 2009. ICIMT'09. International Conference on},
  pages={264--267},
  year={2009},
  organization={IEEE}
}
@article{lee2003firm,
  title={From a firm-based to a community-based model of knowledge creation: The case of the Linux kernel development},
  author={Lee, Gwendolyn K and Cole, Robert E},
  journal={Organization science},
  volume={14},
  number={6},
  pages={633--649},
  year={2003},
  publisher={INFORMS}
}