@book{komputer2005mari,
  title={Mari Mengenal Linux},
  author={Komputer, Wahana},
  year={2005},
  publisher={Penerbit Andi}
}
@article{sofwan2003dasar,
  title={Dasar-dasar Linux},
  author={Sofwan, Akhmad},
  year={2003}
}
