@inproceedings{wang201140,
  title={40-Gbaud/s (120-Gbit/s) octal and 10-Gbaud/s (40-Gbit/s) hexadecimal simultaneous addition and subtraction using 8PSK/16PSK and highly nonlinear fiber},
  author={Wang, Jian and Yang, Jeng-Yuan and Wu, Xiaoxia and Yilmaz, Omer F and Nuccio, Scott R and Willner, Alan},
  booktitle={Optical Fiber Communication Conference},
  pages={OThC3},
  year={2011},
  organization={Optical Society of America}
}
@article{brent1970addition,
  title={On the addition of binary numbers},
  author={Brent, Richard},
  journal={IEEE Transactions on Computers},
  volume={100},
  number={8},
  pages={758--759},
  year={1970},
  publisher={IEEE}
}

