@misc{dowling2003pcm,
  title={PCM codec and modem for 56K bi-directional transmission},
  author={Dowling, Eric Morgan},
  year={2003},
  month=feb # "~18",
  publisher={Google Patents},
  note={US Patent 6,522,688}
}
@article{gao1998introduction, 
  title={An introduction to the V. 90 (56k) modem}, 
  author={Gao, Frank}, 
  journal={Tech-online Review}, 
  volume={2}, 
  number={6}, 
  year={1998} 
}

@article{latif2011proposed,
  title={Proposed NS-Calculator for Well-known Number Systems},
  author={Latif, Shahid and Malook, Asad and Masoud, Fahad and Sohaib, Muhammad},
  journal={system},
  volume={1},
  pages={2},
  year={2011}
}
@article{grant1997succinct,
  title={A Succinct Naming Convention for Lengthy Hexadecimal Numbers},
  author={Grant, Michael S},
  year={1997}
}
@article{saivenkateshimplementation,
  title={IMPLEMENTATION OF DIGITAL SIGNATURE IN PHYSICALLY UNCLONABLE FUNCTION TO ENSURE DATA SECURITY IN FORENSICS ANALYSIS},
  author={Saivenkatesh, A and Bose, MB}
}
@inproceedings{saada2015vertical,
  title={Vertical DNA sequences compression algorithm based on hexadecimal representation},
  author={Saada, Bacem and Zhang, Jing},
  booktitle={Proceedings of the World Congress on Engineering and Computer Science},
  volume={2},
  year={2015}
}
@misc{walster2003method,
  title={Method and apparatus for performing a mask-driven interval division operation},
  author={Walster, G William and Chiriaev, Dmitri},
  year={2003},
  month=dec # "~2",
  publisher={Google Patents},
  note={US Patent 6,658,444}
}
