@book{simarmata2010rekayasa,
  title={Rekayasa Perangkat Lunak},
  author={Simarmata, Janner},
  year={2010},
  publisher={Penerbit Andi}
}