@article{arduinofall,
  title={A fall detection system based on Arduino, Windows and Azure Made by Jiong Shi},
  author={Arduino, UNO and Genuino, UNO}
}
@article{susanto2013perancangan,
  title={Perancangan Sistem Telemetri Wireless Untuk Mengukur Suhu dan Kelembaban Berbasis Arduino Uno R3 ATmega328P dan XBee Pro},
  author={Susanto, Heri and Pramana, Rozeff and Mujahidin, Muhammad},
  journal={Skripsi. Fakultas Teknik. Universitas Maritim Raja Ali Haji. Tanjung Pinang},
  year={2013}
}