@misc{tatsumi1996high,
  title={High speed divider for performing hexadecimal division having control circuit for generating different division cycle signals to control circuit in performing specific functions},
  author={Tatsumi, Takashi},
  year={1996},
  month=jan # "~2",
  publisher={Google Patents},
  note={US Patent 5,481,745}
}